  @misc{titelbild,
  TITLE        = "Amsterdam: Houses along the Amstel River",
  AUTHOR       = "tanamatales.com",
  YEAR         = "2011",
  HOWPUBLISHED = "Webseite",
  NOTE         = "Online Verf\"{o}gbar unter:
                  \url{http://tanamatales.com/wp-content/uploads/2011/12/amsterdam-foto.jpg};
                  Abgerufen am 11.9.2012."   
       }
         
         
 
       
         
 