
@Misc{titelbild,
  OPTkey = 	 {},
  author = 	 {tanamatales.com},
  title = 	 {Amsterdam: Houses along the Amstel River},
  howpublished = {\url{http://tanamatales.com/wp-content/uploads/2011/12/amsterdam-foto.jpg}},
  month = 	 {12},
  year = 	 {2011},
  note = 	 {Aufgerufen am: 11.9.2012}, 
  OPTannote = 	 {} 
}

@Misc{deltaworks,
  OPTkey = 	 {},
  author = 	 {Wikipedia},
  title = 	 {Delta Works},
  howpublished = {\url{http://en.wikipedia.org/wiki/Delta_Works}},
  month = 	 {18},
  year = 	 {2013},
  note = 	 {Aufgerufen am:},
  OPTannote = 	 {}
}

@Misc{save,
  OPTkey = 	 {},
  author = 	 {David Wolman}, 
  title = 	 {Before The Levees Break: A Plan to Save the Netherlands},
  howpublished = {\url{http://www.wired.com/science/planetearth/magazine/17-01/ff_dutch_delta}},
  month = 	 {08},
  year = 	 {2012},
  note = 	 {Aufgerufen am:},
  OPTannote = 	 {}
}

@Misc{risikokarte,
  OPTkey = 	 {},
  author = 	 {risicokaart.nl},
  title = 	 {Überschwemmung Risikokarte},
  howpublished = {\url{http://risicokaart.nl/de/informatie_over_risicos/overstroming}},
  OPTmonth = 	 {},
  OPTyear = 	 {},
  note = 	 {Aufgerufen am:},
  OPTannote = 	 {}
}

@Misc{klimeerwärmung,
  OPTkey = 	 {},
  author = 	 {Alexander Lange},
  title = 	 {Klimaerwärmung - Folgen der Klimaerwärmung für die Niederlande},
  howpublished = {\url{http://www.abipur.de/referate/stat/662450251.html}},
  month = 	 {05},
  year = 	 {2011},
  note = 	 {Aufgerufen am:},
  OPTannote = 	 {}
}

@Misc{film,
  OPTkey = 	 {},
  author = 	 {Raymond Vandenburg},
  title = 	 {Dramatic Holland Floods},
  howpublished = {\url{http://www.youtube.com/watch?v=xqU__VgwriE} },
  month = 	 {11},
  year = 	 {2010},
  note = 	 {Aufgerufen am:},
  OPTannote = 	 {}
}

@Misc{water_management,
  OPTkey = 	 {},
  author = 	 {government.nl},
  title = 	 {Government of the Netherlands (Water management)},
  howpublished = {\url{http://www.government.nl/issues/water-management}},
  OPTmonth = 	 {},
  year = 	 {2011/2012},
  note = 	 {Aufgerufen am:},
  OPTannote = 	 {}
}

@Misc{multi-layer,
  OPTkey = 	 {},
  author = 	 {Jasper van den Heuvel},
  title = 	 {Multi-Layer Cooperation in Flood Management},
  howpublished = {\url{http://www.oranjewoud.nl/sites/default/oranjewoud_files/3_32556.pdf}},
  OPTmonth = 	 {},
  year = 	 {2010},
  note = 	 {Aufgerufen am: 12.01.2013},
  OPTannote = 	 {}
}

@Misc{evakuierung_deich,
  OPTkey = 	 {},
  author = 	 {spiegel.de},
  title = 	 {Deich undicht: Niederlande in Not},
  howpublished = {\url{ http://www.spiegel.de/panorama/deich-undicht-niederlande-in-not-a-807633.html}},
  month = 	 {01},
  year = 	 {2012},
  note = 	 {},
  OPTannote = 	 {Aufgerufen am:}
}

@Misc{evakuierung_hochwasser,
  OPTkey = 	 {},
  author = 	 {Westfälische Wilhelms-Universität Münster, NiederlandeNet},
  title = 	 {HOCHWASSER: Rund 800 Anwohner im Norden der Niederlande evakuiert},
  howpublished = {\url{http://www.uni-muenster.de/NiederlandeNet/aktuelles/archiv/2012/januar/0106hochwasser.shtml}},
  month = 	 {01},
  year = 	 {2012},
  note = 	 {Aufgerufen am:},
  OPTannote = 	 {}
}
  
@Misc{schwimmende_haeuser,
  OPTkey = 	 {},
  author = 	 {Holger Dambeck},
  title = 	 {Klimawandel in Holland: Wohnen in Ebbe-und-Flut-Häusern},
  howpublished = {\url{http://www.spiegel.de/wissenschaft/technik/klimawandel-in-holland-wohnen-in-ebbe-und-flut-haeusern-a-800897.html}},
  month = 	 {12},
  year = 	 {2011},
  note = 	 {Aufgerufen am: 12.01.2013},
  OPTannote = 	 {}
}

@Misc{wurten,
  OPTkey = 	 {},
  author = 	 {Wikipedia},
  title = 	 {Sturmflut 1962},
  howpublished = {\url{http://de.wikipedia.org/wiki/Sturmflut_1962}},
  month = 	 {11},
  year = 	 {2013},
  note = 	 {Aufgerufen am:},
  OPTannote = 	 {}
}


 
   